%% This is a collection of stubs of the most frequently used bibtex entries
%% with the required fields. Please refer to BibTeX/BibLaTeX docs for
%% additional details.
%% http://biblatex-biber.sourceforge.net/

%% An article from a journal or magazine.
@inproceedings{fernandes2015proactive,
  title={A proactive intelligent decision support system for predicting the popularity of online news},
  author={Fernandes, Kelwin and Vinagre, Pedro and Cortez, Paulo},
  booktitle={Portuguese Conference on Artificial Intelligence},
  pages={535--546},
  year={2015},
  organization={Springer}
}

@book{friedman2001elements,
  title={The elements of statistical learning},
  author={Friedman, Jerome and Hastie, Trevor and Tibshirani, Robert},
  volume={1},
  year={2001},
  publisher={Springer series in statistics Springer, Berlin}
}

@article{altman1994diagnostic,
  title={Diagnostic tests. 1: Sensitivity and specificity.},
  author={Altman, Douglas G and Bland, J Martin},
  journal={BMJ: British Medical Journal},
  volume={308},
  number={6943},
  pages={1552},
  year={1994},
  publisher={BMJ Group}
}

@article{kohavi1998glossary,
  title={Glossary of terms},
  author={Kohavi, Ron and Provost, Foster},
  journal={Machine Learning},
  volume={30},
  number={2-3},
  pages={271--274}
}

@book{james2013introduction,
  title={An introduction to statistical learning},
  author={James, Gareth and Witten, Daniela and Hastie, Trevor and Tibshirani, Robert},
  volume={6},
  year={2013},
  publisher={Springer}
}

@article{tibshirani1996regression,
  title={Regression shrinkage and selection via the lasso},
  author={Tibshirani, Robert},
  journal={Journal of the Royal Statistical Society. Series B (Methodological)},
  pages={267--288},
  year={1996},
  publisher={JSTOR}
}

@book{faraway2014linear,
  title={Linear models with R},
  author={Faraway, Julian J},
  year={2014},
  publisher={CRC press}
}

%% A book with an explicit publisher.
@book{vif,
  title={Regression analysis by example},
  author={Chatterjee, Samprit and Hadi, Ali S},
  year={2015},
  publisher={John Wiley \& Sons}
}




